<record><leader>00000cas a2200000 a 4500</leader><controlfield tag="001">44699745</controlfield><controlfield tag="008">000801d19uu19uucauwr ne      0    0eng c</controlfield><datafield ind1=" " ind2=" " tag="010"><subfield code="a">sn 00060645 </subfield></datafield><datafield ind1=" " ind2=" " tag="040"><subfield code="a">CNK</subfield><subfield code="b">eng</subfield><subfield code="c">CNK</subfield><subfield code="d">OCLCQ</subfield><subfield code="d">OCLCF</subfield><subfield code="d">OCLCO</subfield></datafield><datafield ind1=" " ind2=" " tag="042"><subfield code="a">pcc</subfield></datafield><datafield ind1=" " ind2=" " tag="043"><subfield code="a">n-us-ca</subfield></datafield><datafield ind1="0" ind2=" " tag="130"><subfield code="a">Bulletin (Ontario, Calif.)</subfield></datafield><datafield ind1="1" ind2="4" tag="245"><subfield code="a">The bulletin.</subfield></datafield><datafield ind1="1" ind2="3" tag="246"><subfield code="a">La Verne leader, San Dimas press, bulletin</subfield></datafield><datafield ind1=" " ind2=" " tag="260"><subfield code="a">Ontario, CA :</subfield><subfield code="b">Donald W. Reynolds</subfield></datafield><datafield ind1=" " ind2=" " tag="300"><subfield code="a">v.</subfield></datafield><datafield ind1=" " ind2=" " tag="310"><subfield code="a">Weekly</subfield></datafield><datafield ind1=" " ind2=" " tag="500"><subfield code="a">"Diamond Bar &#183; Walnut" and "California" appear in small print below "The Bulletin."</subfield></datafield><datafield ind1=" " ind2=" " tag="588"><subfield code="a">Description based on: 19th year, no. 21 (Aug. 5, 1982).</subfield></datafield><datafield ind1=" " ind2="0" tag="651"><subfield code="a">Diamond Bar (Calif.)</subfield><subfield code="v">Newspapers.</subfield></datafield><datafield ind1=" " ind2="0" tag="651"><subfield code="a">Walnut (Calif.)</subfield><subfield code="v">Newspapers.</subfield></datafield><datafield ind1=" " ind2="7" tag="655"><subfield code="a">Newspapers.</subfield><subfield code="2">fast</subfield><subfield code="0">(OCoLC)fst01423814</subfield></datafield><datafield ind1=" " ind2="7" tag="651"><subfield code="a">California</subfield><subfield code="z">Diamond Bar.</subfield><subfield code="2">fast</subfield><subfield code="0">(OCoLC)fst01250845</subfield></datafield><datafield ind1=" " ind2="7" tag="651"><subfield code="a">California</subfield><subfield code="z">Walnut.</subfield><subfield code="2">fast</subfield><subfield code="0">(OCoLC)fst01214317</subfield></datafield><datafield ind1=" " ind2=" " tag="752"><subfield code="a">United States</subfield><subfield code="b">California</subfield><subfield code="c">San Bernardino</subfield><subfield code="d">Ontario.</subfield></datafield><datafield ind1="0" ind2="8" tag="776"><subfield code="i">Online version:</subfield><subfield code="t">Bulletin (Ontario, Calif.)</subfield><subfield code="w">(OCoLC)749160106</subfield></datafield></record>